%%
%% lab01.bib
%%

@book{clrs,
  author    = {Thomas H. Cormen and
               Charles E. Leiserson and
               Ronald L. Rivest and
               Clifford Stein},
  title     = {Introduction to Algorithms (3. ed.)},
  publisher = {MIT Press},
  year      = {2009},
  isbn      = {978-0-262-03384-8},
  ee        = {http://mitpress.mit.edu/catalog/item/default.asp?ttype=2{\&}tid=11866},
  bibsource = {DBLP, http://dblp.uni-trier.de}
}
